<?xml version="1.0" encoding="UTF-8"?><collection xmlns="http://www.loc.gov/MARC21/slim"><record><leader>00707nam--2200205-u-4500</leader><controlfield tag="001">000053154</controlfield><controlfield tag="002">20161230</controlfield><controlfield tag="005">20161230201051</controlfield><controlfield tag="008">110110s1000------------r-----000-0-eng-d</controlfield><datafield ind1=" " ind2=" " tag="020"><subfield code="a">9789732715505</subfield></datafield><datafield ind1=" " ind2=" " tag="040"><subfield code="a">IFIN-HH</subfield></datafield><datafield ind1=" " ind2=" " tag="080"><subfield code="a">539.14(042.3)</subfield></datafield><datafield ind1="1" ind2=" " tag="100"><subfield code="a">Titeica, Serban</subfield></datafield><datafield ind1="1" ind2="0" tag="245"><subfield code="a">Lectii de teoria nucleului atomic</subfield><subfield code="b">Curs predat in anul universitar 1965-1966 studentilor din anul v, grupa "fizica nucleara" a facultatii de fizica, universitata bucuresti</subfield><subfield code="c">Serban titeica</subfield></datafield><datafield ind1=" " ind2=" " tag="260"><subfield code="a">Bucuresti</subfield><subfield code="b">Editura Academiei Romane</subfield><subfield code="c">2007</subfield></datafield><datafield ind1=" " ind2=" " tag="300"><subfield code="a">164P</subfield></datafield><datafield ind1=" " ind2=" " tag="490"><subfield code="a">Restituiri</subfield></datafield><datafield ind1=" " ind2=" " tag="502"><subfield code="a">Note De Curs Redactate De Carte Dorel Bucurescu</subfield></datafield><datafield ind1=" " ind2=" " tag="852"><subfield code="a">82239</subfield><subfield code="c">539.14</subfield></datafield><datafield ind1=" " ind2=" " tag="CAT"><subfield code="a">Sys</subfield><subfield code="c">20110110</subfield><subfield code="h">095927</subfield></datafield></record></collection>